@book{jackson2010social,
  title={Social and economic networks},
  author={Jackson, Matthew O},
  year={2010},
  publisher={Princeton university press},
  pages={287--332}
}

@book{easley2010networks,
  title={Networks, crowds, and markets},
  author={Easley, David and Kleinberg, Jon and others},
  volume={8},
  year={2010},
  publisher={Cambridge university press Cambridge},
  pages={483--508}
}

@article{golub2010naive,
    Author = {Golub, Benjamin and Jackson, Matthew O.},
    Title = {Na√Øve Learning in Social Networks and the Wisdom of Crowds},
    Journal = {American Economic Journal: Microeconomics},
    Volume = {2},
    Number = {1},
    Year = {2010},
    Month = {February},
    Pages = {112-49},
    DOI = {10.1257/mic.2.1.112},
    URL = {https://www.aeaweb.org/articles?id=10.1257/mic.2.1.112}
}

@article{golub2017learning,
  title={Learning in social networks},
  author={Golub, Benjamin and Sadler, Evan},
  journal={Available at SSRN 2919146},
  year={2017}
}

@article{amir2021robust,
  title={Robust Naive Learning in Social Networks},
  author={Amir, Gideon and Arieli, Itai and Ashkenazi-Golan, Galit and Peretz, Ron},
  journal={arXiv preprint arXiv:2102.11768},
  year={2021}
}

@article{degroot1974concensus,
    author = { Morris H.   Degroot },
    title = {Reaching a Consensus},
    journal = {Journal of the American Statistical Association},
    volume = {69},
    number = {345},
    pages = {118-121},
    year  = {1974},
    publisher = {Taylor & Francis},
    doi = {10.1080/01621459.1974.10480137},
    
    URL = { 
            https://amstat.tandfonline.com/doi/abs/10.1080/01621459.1974.10480137
        
    },
    eprint = { 
            https://amstat.tandfonline.com/doi/pdf/10.1080/01621459.1974.10480137
        
    }
}